@article{Holman:2018tx,
author = {Holman, Luke},
title = {{Queen pheromones and reproductive division of labour: a meta-analysis}},
journal = {Behavioural Ecology},
year = {2018},
volume = {in press, doi:10.1093/beheco/ary023}
}



@article{VanOystaeyen:2014vr,
author = {Van Oystaeyen, Annette and Oliveira, Ricardo Caliari and Holman, Luke and van Zweden, Jelle S and Romero, Carmen and Oi, Cintia Akemi and d'Ettorre, Patrizia and Khalesi, Mohammadreza and Billen, Johan and W{\"a}ckers, Felix and Millar, Jocelyn G and Wenseleers, Tom},
title = {{Conserved class of queen pheromones stops social insect workers from reproducing}},
journal = {Science},
year = {2014},
volume = {343},
pages = {287--290}
}

@article{Slessor:1988cj,
author = {Slessor, Keith N and Kaminski, Lori-Ann and King, G G S and Borden, John H and Winston, Mark L},
title = {{Semiochemical basis of the retinue response to queen honey bees}},
journal = {Nature},
year = {1988},
volume = {332},
number = {6162},
pages = {354--356},
month = mar
}

@article{Smith:2016dz,
author = {Smith, Adrian A and Millar, Jocelyn G and Suarez, Andrew V},
title = {{Comparative analysis of fertility signals and sex-specific cuticular chemical profiles of \textit{Odontomachus} trap-jaw ants}},
journal = {J Exp Biol},
year = {2016},
volume = {219},
number = {3},
pages = {419--430},
month = feb
}

@article{Yagound:2015ip,
author = {Yagound, Boris and Gouttefarde, R{\'e}mi and Leroy, Chlo{\'e} and Belibel, Rima and Barbaud, Christel and Fresneau, Dominique and Chameron, St{\'e}phane and Poteaux, Chantal and Ch{\^a}line, Nicolas},
title = {{Fertility signaling and partitioning of reproduction in the ant \textit{Neoponera apicalis}}},
journal = {Journal of Chemical Ecology},
year = {2015},
volume = {41},
number = {6},
pages = {557--566},
month = may
}

@article{Vargo:1988fv,
author = {Vargo, E.L.},
title = {{A bioassay for a primer pheromone of queen fire ants (\textit{Solenopsis invicta}) which inhibits the production of sexuals}},
journal = {Insectes Sociaux},
year = {1988},
volume = {35},
number = {4},
pages = {382--392},
month = dec
}

@article{Kucharski:2008gu,
author = {Kucharski, R and Maleszka, J and Foret, S and Maleszka, R},
title = {{Nutritional control of reproductive status in honeybees via DNA methylation.}},
journal = {Science},
year = {2008},
volume = {319},
number = {5871},
pages = {1827--1830},
month = mar
}

@article{simola2016epi,
  title={{Epigenetic (re) programming of caste-specific behavior in the ant \textit{Camponotus floridanus}}},
  author={Simola, Daniel F and Graham, Riley J and Brady, Cristina M and Enzmann, Brittany L and Desplan, Claude and Ray, Anandasankar and Zwiebel, Laurence J and Bonasio, Roberto and Reinberg, Danny and Liebig, J{\"u}rgen and others},
  journal={Science},
  volume={351},
  number={6268},
  pages={aac6633},
  year={2016},
  publisher={American Association for the Advancement of Science}
}

@article{Winston:1990vi,
author = {Winston, Mark L and Higo, Heather A and Slessor, Keith N},
title = {{Effect of various dosages of queen mandibular gland pheromone on the inhibition of queen rearing in the honey bee (Hymenoptera: Apidae)}},
journal = {Annals of the Entomological Society of America},
year = {1990},
volume = {83},
number = {2},
pages = {234--238}
}

@article{Pankiw:1998vta,
author = {Pankiw, T. and Huang, Z. Y. and Winston, M. L. and Robinson, G. E.},
title = {{Queen mandibular gland pheromone influences worker honey bee (\textit{Apis mellifera} L.) foraging ontogeny and juvenile hormone titers}},
journal = {Journal of Insect Physiology},
year = {1998},
volume = {44},
number = {7-8},
pages = {685--692},
}

@article{Smith:2009ic,
author = {Smith, Adrian A and H{\"o}lldobler, Bert and Liebig, J{\"u}rgen},
title = {{Cuticular hydrocarbons reliably identify cheaters and allow enforcement of altruism in a social insect}},
journal = {Current Biology},
year = {2009},
volume = {19},
number = {1},
pages = {78--81},
month = jan
}

@article{Holman:2012ey,
author = {Holman, Luke},
title = {{Costs and constraints conspire to produce honest signalling: Insights from an ant queen pheromone}},
journal = {Evolution},
year = {2012},
pages = {2094--2105},
month = apr
}

@article{Keller:1993vl,
author = {Keller, Laurent and Nonacs, Peter},
title = {{The role of queen pheromones in social insects: queen control or queen signal?}},
journal = {Animal Behaviour},
year = {1993},
volume = {45},
number = {4},
pages = {787--794},
}

@article{Peso:2015hx,
author = {Peso, Marianne and Elgar, Mark A and Barron, Andrew B.},
title = {{Pheromonal control: reconciling physiological mechanism with signalling theory.}},
journal = {Biological reviews of the Cambridge Philosophical Society},
year = {2015},
volume = {90},
number = {2},
pages = {542--559},
month = may
}

@article{Oi:2015go,
author = {Oi, Cintia A and van Zweden, Jelle S and Oliveira, Ricardo C and Van Oystaeyen, Annette and Nascimento, Fabio S and Wenseleers, Tom},
title = {{The origin and evolution of social insect queen pheromones: Novel hypotheses and outstanding problems.}},
journal = {Bioessays},
year = {2015},
volume = {37},
number = {7},
pages = {808--821},
month = jul
}

@article{Holman:2016ea,
author = {Holman, Luke and Trontti, Kalevi and Helantera, Heikki},
title = {{Queen pheromones modulate DNA methyltransferase activity in bee and ant workers}},
journal = {Biology Letters},
year = {2016},
volume = {12},
number = {1},
pages = {20151038},
month = jan
}

@article{velasque2018doublesex,
  title={The \textit{Doublesex} sex determination pathway regulates reproductive division of labor in honey bees},
  author={Velasque, Mariana and Qiu, Lijun and Mikheyev, Alexander S},
  journal={bioRxiv},
  pages={314492},
  year={2018},
  publisher={Cold Spring Harbor Laboratory}
}

@article{Vergoz:2007ej,
author = {Vergoz, Vanina and Schreurs, Haley A. and Mercer, Alison R.},
title = {{Queen pheromone blocks aversive learning in young worker bees}},
journal = {Science},
year = {2007},
volume = {317},
number = {5836},
pages = {384--386},
month = jul
}

@article{Peters:2017bk,
author = {Peters, Ralph S and Krogmann, Lars and Mayer, Christoph and Donath, Alexander and Gunkel, Simon and Meusemann, Karen and Kozlov, Alexey and Podsiadlowski, Lars and Petersen, Malte and Lanfear, Robert and Diez, Patricia A and Heraty, John and Kjer, Karl M and Klopfstein, Seraina and Meier, Rudolf and Polidori, Carlo and Schmitt, Thomas and Liu, Shanlin and Zhou, Xin and Wappler, Torsten and Rust, Jes and Misof, Bernhard and Niehuis, Oliver},
title = {{Evolutionary history of the Hymenoptera}},
journal = {Current Biology},
year = {2017},
volume = {27},
number = {7},
pages = {1013--1018},
month = apr
}

@article{Klein:2016da,
author = {Klein, Antonia and Schultner, Eva and Lowak, Helena and Schrader, Lukas and Heinze, J{\"u}rgen and Holman, Luke and Oettler, Jan},
title = {{Evolution of social insect polyphenism facilitated by the sex differentiation cascade}},
journal = {PLoS Genetics},
year = {2016},
volume = {12},
number = {3},
pages = {e1005952},
month = mar
}

@article{Holman:2016cd,
author = {Holman, Luke and Hanley, Brian and Millar, Jocelyn G},
title = {{Highly specific responses to queen pheromone in three Lasius ant species}},
journal = {Behavioral Ecology and Sociobiology},
year = {2016},
volume = {70},
number = {3},
pages = {387--392},
month = jan
}

@article{Grozinger:2003er,
author = {Grozinger, C. M. and Sharabash, N. M. and Whitfield, C. W. and Robinson, G. E.},
title = {{Pheromone-mediated gene expression in the honey bee brain}},
journal = {Proceedings of the National Academy of Sciences of the United States of America},
year = {2003},
volume = {100},
pages = {14519--14525},
month = jan
}

@article{Grozinger:2007ki,
author = {Grozinger, Christina M and Fan, Yongliang and Hoover, Shelley E R and Winston, Mark L},
title = {{Genome-wide analysis reveals differences in brain gene expression patterns associated with caste and reproductive status in honey bees (\textit{Apis mellifera})}},
journal = {Molecular Ecology},
year = {2007},
volume = {16},
number = {22},
pages = {4837--4848},
month = nov
}

@article{Johnson:2016ko,
author = {Johnson, Brian R and Jasper, W Cameron},
title = {{Complex patterns of differential expression in candidate master regulatory genes for social behavior in honey bees}},
journal = {Behavioral Ecology and Sociobiology},
year = {2016},
volume = {70},
number = {7},
pages = {1033--1043}
}

@article{Dixon:2014it,
author = {Dixon, Luke and Kuster, Ryan and Rueppell, Olav},
title = {{Reproduction, social behavior, and aging trajectories in honeybee workers}},
journal = {Age},
year = {2014},
volume = {36},
number = {1},
pages = {89--101}
}

@article{Holman:2014jq,
author = {Holman, Luke},
title = {{Bumblebee size polymorphism and worker response to queen pheromone.}},
journal = {PeerJ},
year = {2014},
volume = {2},
pages = {e604}
}

@article{Bolger:2014ek,
author = {Bolger, Anthony M and Lohse, Marc and Usadel, Bjoern},
title = {{Trimmomatic: a flexible trimmer for Illumina sequence data.}},
journal = {Bioinformatics},
year = {2014},
volume = {30},
number = {15},
pages = {2114--2120},
month = aug
}

@article{Li:2011cb,
author = {Li, Bo and Dewey, Colin N},
title = {{RSEM: accurate transcript quantification from RNA-Seq data with or without a reference genome.}},
journal = {BMC Bioinformatics},
year = {2011},
volume = {12},
pages = {323},
month = aug
}

@article{Langmead:2012ka,
author = {Langmead, Ben and Salzberg, Steven L},
title = {{Fast gapped-read alignment with Bowtie 2}},
journal = {Nature Methods},
year = {2012},
volume = {9},
number = {4},
pages = {357--359},
month = mar
}

@article{Trapnell:2009dp,
author = {Trapnell, Cole and Pachter, Lior and Salzberg, Steven L},
title = {{TopHat: discovering splice junctions with RNA-Seq.}},
journal = {Bioinformatics},
year = {2009},
volume = {25},
number = {9},
pages = {1105--1111},
month = may
}

@article{Grabherr:2011jb,
author = {Grabherr, Manfred G and Haas, Brian J and Yassour, Moran and Levin, Joshua Z and Thompson, Dawn A and Amit, Ido and Adiconis, Xian and Fan, Lin and Raychowdhury, Raktima and Zeng, Qiandong and Chen, Zehua and Mauceli, Evan and Hacohen, Nir and Gnirke, Andreas and Rhind, Nicholas and di Palma, Federica and Birren, Bruce W and Nusbaum, Chad and Lindblad-Toh, Kerstin and Friedman, Nir and Regev, Aviv},
title = {{Full-length transcriptome assembly from RNA-Seq data without a reference genome.}},
journal = {Nature Biotechnology},
year = {2011},
volume = {29},
number = {7},
pages = {644--652},
month = may
}

@article{Haas:2013jq,
author = {Haas, Brian J and Papanicolaou, Alexie and Yassour, Moran and Grabherr, Manfred and Blood, Philip D and Bowden, Joshua and Couger, Matthew Brian and Eccles, David and Li, Bo and Lieber, Matthias and MacManes, Matthew D and Ott, Michael and Orvis, Joshua and Pochet, Nathalie and Strozzi, Francesco and Weeks, Nathan and Westerman, Rick and William, Thomas and Dewey, Colin N and Henschel, Robert and LeDuc, Richard D and Friedman, Nir and Regev, Aviv},
title = {{De novo transcript sequence reconstruction from RNA-seq using the Trinity platform for reference generation and analysis.}},
journal = {Nature Protocols},
year = {2013},
volume = {8},
number = {8},
pages = {1494--1512},
month = aug
}

@article{Leng:2015dw,
author = {Leng, Ning and Li, Yuan and McIntosh, Brian E and Nguyen, Bao Kim and Duffin, Bret and Tian, Shulan and Thomson, James A and Dewey, Colin N and Stewart, Ron and Kendziorski, Christina},
title = {{EBSeq-HMM: a Bayesian approach for identifying gene-expression changes in ordered RNA-seq experiments.}},
journal = {Bioinformatics},
year = {2015},
volume = {31},
number = {16},
pages = {2614--2622},
month = aug
}

@article{Morandin:2016jd,
author = {Morandin, Claire and Tin, Mandy M Y and Abril, S{\'\i}lvia and G{\'o}mez, Crisanto and Pontieri, Luigi and Schi{\o}tt, Morten and Sundstr{\"o}m, Liselotte and Tsuji, Kazuki and Pedersen, Jes S{\o}e and Helantera, Heikki and Mikheyev, Alexander S},
title = {{Comparative transcriptomics reveals the conserved building blocks involved in parallel evolution of diverse phenotypic traits in ants}},
journal = {Genome biology},
year = {2016},
volume = {17},
number = {1},
pages = {43},
month = mar
}

@article{Leek:2012ee,
author = {Leek, Jeffrey T and Johnson, W Evan and Parker, Hilary S and Jaffe, Andrew E and Storey, John D},
title = {{The sva package for removing batch effects and other unwanted variation in high-throughput experiments.}},
journal = {Bioinformatics},
year = {2012},
volume = {28},
number = {6},
pages = {882--883},
month = mar
}

@article{johnson:2007adj,
  title={Adjusting batch effects in microarray expression data using empirical Bayes methods},
  author={Johnson, W Evan and Li, Cheng and Rabinovic, Ariel},
  journal={Biostatistics},
  volume={8},
  number={1},
  pages={118--127},
  year={2007}
}

@article{Langfelder:2008bd,
author = {Langfelder, Peter and Horvath, Steve},
title = {{WGCNA: an R package for weighted correlation network analysis.}},
journal = {BMC Bioinformatics},
year = {2008},
volume = {9},
pages = {559}
}

@article{Langfelder:2007kp,
author = {Langfelder, Peter and Horvath, Steve},
title = {{Eigengene networks for studying the relationships between co-expression modules.}},
journal = {BMC Systems Biology},
year = {2007},
volume = {1},
pages = {54},
month = nov
}

@article{Masalia:2017ki,
author = {Masalia, Rishi R and Bewick, Adam J and Burke, John M},
title = {{Connectivity in gene coexpression networks negatively correlates with rates of molecular evolution in flowering plants.}},
journal = {PLoS ONE},
year = {2017},
volume = {12},
number = {7},
pages = {e0182289}
}

@article{Sharp:1987tz,
author = {Sharp, P M and Li, W H},
title = {{The codon adaptation index - a measure of directional synonymous codon usage bias, and its potential applications}},
journal = {Nucleic Acids Research},
year = {1987},
volume = {15},
number = {3},
pages = {1281--1295},
month = feb
}

@article{Galbraith:2016gz,
author = {Galbraith, David A and Kocher, Sarah D and Glenn, Tom and Albert, Istvan and Hunt, Greg J and Strassmann, Joan E and Queller, David C and Grozinger, Christina M},
title = {{Testing the kinship theory of intragenomic conflict in honey bees (\textit{Apis mellifera})}},
journal = {Proceedings of the National Academy of Sciences USA},
year = {2016},
volume = {113},
number = {4},
pages = {1020--1025},
month = jan
}

@article{Harpur:2014hk,
author = {Harpur, Brock A and Kent, Clement F and Molodtsova, Daria and Lebon, Jonathan M D and Alqarni, Abdulaziz S and Owayss, Ayman A and Zayed, Amro},
title = {{Population genomics of the honey bee reveals strong signatures of positive selection on worker traits}},
journal = {Proceedings of the National Academy of Sciences of the United States of America},
year = {2014},
volume = {111},
number = {7},
pages = {2614--2619},
month = feb
}

@article{Wu:2017br,
author = {Wu, YuQi and Zheng, Huoqing and Corona, Miguel and Pirk, Christian and Meng, Fei and Zheng, YuFei and Hu, Fuliang},
title = {{Comparative transcriptome analysis on the synthesis pathway of honey bee (\textit{Apis mellifera}) mandibular gland secretions}},
journal = {Scientific Reports},
year = {2017},
volume = {7},
number = {1}
}

@article{Graham:2011kc,
author = {Graham, Allie M and Munday, Michael D and Kaftanoglu, Osman and Page, Robert E. and Amdam, Gro V and Rueppell, Olav},
title = {{Support for the reproductive ground plan hypothesis of social evolution and major QTL for ovary traits of Africanized worker honey bees (\textit{Apis mellifera} L.)}},
journal = {BMC Evolutionary Biology},
year = {2011},
volume = {11},
number = {1},
pages = {95},
month = apr
}

@article{Cardoen:2011dn,
author = {Cardoen, Dries and Wenseleers, Tom and Ernst, Ulrich R and Danneels, Ellen L and Laget, Dries and DE Graaf, Dirk C and Schoofs, Liliane and Verleyen, Peter},
title = {{Genome-wide analysis of alternative reproductive phenotypes in honeybee workers.}},
journal = {Molecular ecology},
year = {2011},
volume = {20},
number = {19},
pages = {4070--4084}
}

@article{Niu:2014gu,
author = {Niu, D and Zheng, H and Corona, M. and Lu, Y and Chen, X and Cao, L and Sohr, A and Hu, F},
title = {{Transcriptome comparison between inactivated and activated ovaries of the honey bee \textit{Apis mellifera} L}},
journal = {Insect Molecular Biology},
year = {2014},
volume = {23},
number = {5},
pages = {668--681},
month = jul
}

@article{Barchuk:2007vs,
author = {Barchuk, A and Cristino, A and Kucharski, R},
title = {{Molecular determinants of caste differentiation in the highly eusocial honeybee \textit{Apis mellifera}}},
journal = {BMC Developmental Biology},
year = {2007},
volume = {7},
pages = {70}
}

@article{Harrison:2015kf,
author = {Harrison, Mark C and Hammond, Robert L. and Mallon, Eamonn B},
title = {{Reproductive workers show queenlike gene expression in an intermediately eusocial insect, the buff-tailed bumble bee \textit{Bombus terrestris}}},
journal = {Molecular ecology},
year = {2015},
volume = {24},
number = {12},
pages = {3043--3063},
month = jun
}

@article{Drapeau:2006jt,
author = {Drapeau, M D and Albert, S and Kucharski, R and Prusko, C and Maleszka, R},
title = {{Evolution of the Yellow/Major Royal Jelly Protein family and the emergence of social behavior in honey bees}},
journal = {Genome Research},
year = {2006},
volume = {16},
number = {11},
pages = {1385--1394},
month = oct
}

@article{Beggs:2007dm,
author = {Beggs, K. T. and Glendining, K. A. and Marechal, N. M. and Vergoz, V. and Nakamura, I. and Slessor, K. N. and Mercer, A. R.},
title = {{Queen pheromone modulates brain dopamine function in worker honey bees}},
journal = {Proceedings of the National Academy of Sciences of the United States of America},
year = {2007},
volume = {104},
number = {7},
pages = {2460--2464},
month = feb
}

@article{Okada:2015cg,
author = {Okada, Yasukazu and Sasaki, Ken and Miyazaki, Satoshi and Shimoji, Hiroyuki and Tsuji, Kazuki and Miura, Toru},
title = {{Social dominance and reproductive differentiation mediated by dopaminergic signaling in a queenless ant.}},
journal = {J Exp Biol},
year = {2015},
volume = {218},
number = {Pt 7},
pages = {1091--1098},
month = apr
}

@article{Weitekamp:2017if,
author = {Weitekamp, Chelsea A and Libbrecht, Romain and Keller, Laurent},
title = {{Genetics and evolution of social behavior in insects}},
journal = {Annual Review of Genetics},
year = {2017},
volume = {51},
pages = {219--239},
month = aug
}

@article{McQuillan:2012ir,
author = {McQuillan, Henry J and Barron, Andrew B. and Mercer, Alison R.},
title = {{Age- and behaviour-related changes in the expression of biogenic amine receptor genes in the antennae of honey bees (\textit{Apis mellifera})}},
journal = {Journal of Comparative Physiology A: Sensory Neural and Behavioral Physiology},
year = {2012},
volume = {198},
number = {10},
pages = {753--761},
month = aug
}

@article{Hagai:cp,
author = {Hagai, T and Cohen, M and Bloch, Guy},
title = {{Genes encoding putative Takeout/juvenile hormone binding proteins in the honeybee (\textit{Apis mellifera}) and modulation by age and juvenile hormone of the takeout-like gene GB19811}},
journal = {Insect Biochemistry and Molecular Biology},
volume = {37},
number = {7},
pages = {689--701}
}

@article{Hojo:2005ht,
author = {Hojo, Masaru and Morioka, Mizue and Matsumoto, Tadao and Miura, Toru},
title = {{Identification of soldier caste-specific protein in the frontal gland of nasute termite \textit{Nasutitermes takasagoensis} (Isoptera: Termitidae)}},
journal = {Insect Biochemistry and Molecular Biology},
year = {2005},
volume = {35},
number = {4},
pages = {347--354},
month = apr
}

@article{Guo:2011ks,
author = {Guo, Wei and Wang, Xianhui and Ma, Zongyuan and Xue, Liang and Han, Jingyao and Yu, Dan and Kang, Le},
title = {{\textit{CSP} and \textit{takeout} genes modulate the switch between attraction and repulsion during behavioral phase change in the migratory locust}},
journal = {PLoS Genetics},
year = {2011},
volume = {7},
number = {2},
pages = {e1001291},
month = feb
}

@article{Ghanim:2006bb,
author = {Ghanim, Murad and Dombrovsky, A and Raccah, B and Sherman, A},
title = {{A microarray approach identifies \textit{ANT}, \textit{OS-D} and \textit{takeout-like} genes as differentially regulated in alate and apterous morphs of the green peach aphid \textit{Myzus persicae} (Sulzer)}},
journal = {Insect Biochemistry and Molecular Biology},
year = {2006},
volume = {36},
number = {11},
pages = {857--868},
month = dec
}

@article{Dauwalder:2002ga,
author = {Dauwalder, Brigitte and Tsujimoto, Susan and Moss, Jason and Mattox, William},
title = {{The \textit{Drosophila} \textit{takeout} gene is regulated by the somatic sex-determination pathway and affects male courtship behavior.}},
journal = {Genes {\&} Development},
year = {2002},
volume = {16},
number = {22},
pages = {2879--2892},
month = nov
}

@article{Martins:2011co,
author = {Martins, Juliana R and Anhezini, Lucas and Dallacqua, Rodrigo P and {Zil{\'a} L. P. Sim{\~o}es} and Bitondi, M{\'a}rcia M G},
title = {{A honey bee hexamerin, HEX 70a, is likely to play an intranuclear role in developing and mature ovarioles and testioles}},
journal = {PLoS ONE},
year = {2011},
volume = {6},
number = {12},
pages = {e29006},
month = dec
}

@article{Nelson:2007fz,
author = {Nelson, C. M. and Ihle, K. E. and Fondrk, M. K. and Page, R. E. and Amdam, G. V.},
title = {{The gene \textit{vitellogenin} has multiple coordinating effects on social organization}},
journal = {PLoS Biology},
year = {2007},
volume = {5},
number = {3},
pages = {673--677},
month = mar
}

@article{Robinson:1997vq,
author = {Robinson, G. E. and Vargo, E.L.},
title = {{Juvenile hormone in adult eusocial hymenoptera: Gonadotropin and behavioral pacemaker}},
journal = {Archives of Insect Biochemistry and Physiology},
year = {1997},
volume = {35},
number = {4},
pages = {559--583}
}

@article{Oliveira:2017jx,
author = {Oliveira, Ricardo Caliari and Vollet-Neto, Ayrton and Akemi Oi, Cintia and van Zweden, Jelle S and Nascimento, Fabio and Sullivan Brent, Colin and Wenseleers, Tom},
title = {{Hormonal pleiotropy helps maintain queen signal honesty in a highly eusocial wasp.}},
journal = {Scientific Reports},
year = {2017},
volume = {7},
number = {1},
pages = {1654},
month = may
}


@article{Ford:2012th,
author = {Ford, D},
title = {{Honeybees and cell lines as models of DNA methylation and aging in response to diet}},
journal = {Experimental Gerontology},
year = {2012}
}

@article{Ford:2017fq,
author = {Ford, Ethan Edward and Grimmer, Matthew R and Stolzenburg, Sabine and Bogdanovic, Ozren and de Mendoza, Alex and Farnham, Peggy J and Blancafort, Pilar and Lister, Ryan},
title = {{Frequent lack of repressive capacity of promoter DNA methylation identified through genome-wide epigenomic manipulation}},
journal = {bioRxiv},
year = {2017},
pages = {170506},
month = sep
}

@incollection{Blomquist:2010ux,
author = {Blomquist, Gary J.},
title = {{Biosynthesis of cuticular hydrocarbons}},
booktitle = {Insect Hydrocarbons: Biology, Biochemistry and Chemical Ecology},
year = {2010},
editor = {Blomquist, Gary J. and Bagn{\`e}res, Anne-Genevi{\`e}ve},
publisher = {Cambridge University Press},
address = {Cambridge}
}

@article{Dembeck:2015jb,
author = {Dembeck, Lauren M and Boeroeczky, Katalin and Huang, Wen and Schal, Coby and Anholt, Robert R H and Mackay, Trudy F C},
title = {{Genetic architecture of natural variation in cuticular hydrocarbon composition in \textit{Drosophila melanogaster}}},
journal = {eLife},
year = {2015},
volume = {4},
pages = {e09861}
}

@article{Consortium:2006wj,
author = {{The Honeybee Genome Sequencing Consortium}},
title = {{Insights into social insects from the genome of the honeybee \textit{Apis mellifera}.}},
journal = {Nature},
year = {2006},
volume = {443},
number = {7114},
pages = {931--949},
month = oct
}

@article{BenMSadd:2015bq,
author = {Ben M Sadd and Barribeau, Seth M and Bloch, Guy and DE Graaf, Dirk C and Dearden, Peter and Elsik, Christine G and Gadau, J{\"u}rgen and Grimmelikhuijzen, Cornelis JP and Hasselmann, Martin and Lozier, Jeffrey D and Robertson, Hugh M. and Smagghe, Guy and Stolle, Eckart and Van Vaerenbergh, Matthias and Waterhouse, Robert M and Bornberg-Bauer, Erich and Klasberg, Steffen and Bennett, Anna K and Camara, Francisco and Guig{\'o}, Roderic and Hoff, Katharina and Mariotti, Marco and Munoz-Torres, Monica and Murphy, Terence and Santesmasses, Didac and Amdam, Gro V and Beckers, Matthew and Beye, Martin and Biewer, Matthias and Bitondi, M{\'a}rcia MG and Blaxter, Mark L and Bourke, Andrew FG and Brown, Mark Jf and Buechel, Severine D and Cameron, Rossanah and Cappelle, Kaat and Carolan, James C and Christiaens, Olivier and Ciborowski, Kate L and Clarke, David F and Colgan, Thomas J and Collins, David H and Cridge, Andrew G and Dalmay, Tamas and Dreier, Stephanie and du Plessis, Louis and Duncan, Elizabeth and Erler, Silvio and Evans, Jay and Falcon, Tiago and Flores, Kevin and Freitas, Fl{\'a}via CP and Fuchikawa, Taro and Gempe, Tanja and Hartfelder, Klaus and Hauser, Frank and Helbing, Sophie and Humann, Fernanda C and Irvine, Frano and Jermiin, Lars S and Johnson, Claire E and Johnson, Reed M and Jones, Andrew K and Kadowaki, Tatsuhiko and Kidner, Jonathan H and Koch, Vasco and K{\"o}hler, Arian and Kraus, F. Bernhard and Lattorff, H Michael G and Leask, Megan and Lockett, Gabrielle A and Mallon, Eamonn B and Antonio, David S Marco and Marxer, Monika and Meeus, Ivan and Moritz, Robin FA and Nair, Ajay and N{\"a}pflin, Kathrin and Nissen, Inga and Niu, Jinzhi and Nunes, Francis MF and Oakeshott, John G and Osborne, Amy and Otte, Marianne and Pinheiro, Daniel G and Rossi{\'e}, Nina and Rueppell, Olav and Santos, Carolina G and Schmid-Hempel, Regula and Schmitt, Bj{\"o}rn D and Schulte, Christina and Sim{\~o}es, Zil{\'a} LP and Soares, Michelle PM and Swevers, Luc and Winnebeck, Eva C and Wolschin, Florian and Yu, Na and Zdobnov, Evgeny M and Aqrawi, Peshtewani K and Blankenburg, Kerstin P and Coyle, Marcus and Francisco, Liezl and Hernandez, Alvaro G and Holder, Michael and Hudson, Matthew E and Jackson, LaRonda and Jayaseelan, Joy and Joshi, Vandita and Kovar, Christie and Lee, Sandra L and Mata, Robert and Mathew, Tittu and Newsham, Irene F and Ngo, Robin and Okwuonu, Geoffrey and Pham, Christopher and Pu, Ling-Ling and Saada, Nehad and Santibanez, Jireh and Simmons, DeNard and Thornton, Rebecca and Venkat, Aarti and Walden, Kimberly KO and Wu, Yuan-Qing and Debyser, Griet and Devreese, Bart and Asher, Claire and Blommaert, Julie and Chipman, Ariel D and Chittka, Lars and Fouks, Bertrand and Liu, Jisheng and O'Neill, Meaghan P and Sumner, Seirian and Puiu, Daniela and Qu, Jiaxin and Salzberg, Steven L and Scherer, Steven E and Muzny, Donna M and Richards, Stephen and Robinson, Gene E. and Gibbs, Richard A and Schmid-Hempel, Paul and Worley, Kim C},
title = {{The genomes of two key bumblebee species with primitive eusocial organization}},
journal = {Genome Biology},
year = {2015},
volume = {16},
number = {1},
pages = {76}
}


@article{CruzLandim:2006uz,
author = {Cruz-Landim, C and Patr{\'\i}cio, K and Antonialli, W F},
title = {{Cell death and ovarian development in highly eusocial bees (Hymenoptera, Apidae): Caste differentiation and worker egg laying}},
journal = {Braz J Morphol Sci},
year = {2006},
volume = {23},
pages = {27--42}
}

@article{Holman:2013iy,
author = {Holman, Luke and Linksvayer, Timothy A and d'Ettorre, Patrizia},
title = {{Genetic constraints on dishonesty and caste dimorphism in an ant}},
journal = {American Naturalist},
year = {2013},
volume = {181},
number = {2},
pages = {161--170},
month = feb
}

@article{Patalano:2015vl,
author = {Patalano, Solenn and Vlasova, Anna and Wyatt, Chris and Ewels, Philip and Camara, Francisco and Ferreira, Pedro G and Asher, Claire L and Jurkowski, Tomasz P and Segonds-Pichon, Anne and Bachman, Martin and Gonz{\'a}lez-Navarrete, Irene and Minoche, Andr{\'e} E and Krueger, Felix and Lowy, Ernesto and Marcet-Houben, Marina and Rodriguez-Ales, Jose Luis and Nascimento, Fabio S and Balasubramanian, Shankar and Gabald{\'o}n, Toni and Tarver, James E and Andrews, Simon and Himmelbauer, Heinz and Hughes, William O H and Guig{\'o}, Roderic and Reik, Wolf and Sumner, Seirian},
title = {{Molecular signatures of plastic phenotypes in two eusocial insect species with simple societies}},
journal = {Proceedings of the National Academy of Sciences},
year = {2015},
volume = {112},
number = {45},
pages = {13970--13975},
month = oct
}

@article{Berens:2015hg,
author = {Berens, A J and Hunt, J H and Toth, A L},
title = {{Comparative transcriptomics of convergent evolution: different genes but conserved pathways underlie caste phenotypes across lineages of eusocial insects}},
journal = {Molecular Biology and Evolution},
year = {2015},
volume = {32},
number = {3},
pages = {690--703},
month = feb
}

@article{Gerhart:2007eq,
author = {Gerhart, J and Kirschner, M},
title = {{The theory of facilitated variation}},
journal = {Proceedings of the National Academy of Sciences USA},
year = {2007},
volume = {104},
number = {Supplement 1},
pages = {8582--8589},
month = may
}

@article{Konorov:2017ft,
author = {Konorov, Evgenii A and Nikitin, Mikhail A and Mikhailov, Kirill V and Lysenkov, Sergey N and Belenky, Mikhail and Chang, Peter L and Nuzhdin, Sergey V. and Scobeyeva, Victoria A},
title = {{Genomic exaptation enables \textit{Lasius niger} adaptation to urban environments.}},
journal = {BMC Evolutionary Biology},
year = {2017},
volume = {17},
number = {Suppl 1},
pages = {39},
month = feb
}

@article{Fussnecker:2011cg,
  title={{cGMP modulates responses to queen mandibular pheromone in worker honey bees}},
  author={Fussnecker, Brendon L and McKenzie, Alexander M and Grozinger, Christina M},
  journal={Journal of Comparative Physiology A},
  volume={197},
  pages={939--948},
  year={2011}
}

@article{vergoz2012bio,
  title={{Biogenic amine receptor gene expression in the ovarian tissue of the honey bee \textit{Apis mellifera}}},
  author={Vergoz, V and Lim, J and Oldroyd, BP},
  journal={Insect Molecular Biology},
  volume={21},
  pages={21--29},
  year={2012}
}

@article{sasaki2007ne,
  title={{Neuro-endocrine correlates of ovarian development and egg-laying behaviors in the primitively eusocial wasp (\textit{Polistes chinensis})}},
  author={Sasaki, Ken and Yamasaki, Kazuhisa and Nagao, Takashi},
  journal={Journal of Insect Physiology},
  volume={53},
  number={9},
  pages={940--949},
  year={2007}
}

@article{hasegawa2009di,
  title={{Differential gene expression in the mandibular glands of queen and worker honeybees, \textit{Apis mellifera L.}: implications for caste-selective aldehyde and fatty acid metabolism}},
  author={Hasegawa, Makoto and Asanuma, Satomi and Fujiyuki, Tomoko and Kiya, Taketoshi and Sasaki, Tetsuhiko and Endo, Daisuke and Morioka, Mizue and Kubo, Takeo},
  journal={Insect Biochemistry and Molecular Biology},
  volume={39},
  pages={661--667},
  year={2009}
}

@article{burkner2017brms,
  title={{brms: An R package for Bayesian multilevel models using Stan}},
  author={B{\"u}rkner, Paul-Christian and others},
  journal={Journal of Statistical Software},
  volume={80},
  pages={1--28},
  year={2017}
}

@article{Foret2012jf,
author = {Foret, Sylvain and Kucharski, Robert and Pellegrini, Matteo and Feng, Suhua and Jacobsen, Steven E and Robinson, Gene E. and Maleszka, Ryszard},
title = {{DNA methylation dynamics, metabolic fluxes, gene splicing, and alternative phenotypes in honey bees.}},
journal = {Proceedings of the National Academy of Sciences USA},
year = {2012},
volume = {109},
pages = {4968--4973}
}

@article{thompson2008ge,
  title={Genome-wide analysis of genes related to ovary activation in worker honey bees},
  author={Thompson, Graham J and Kucharski, Robert and Maleszka, Ryszard and Oldroyd, Benjamin P},
  journal={Insect Molecular Biology},
  volume={17},
  pages={657--665},
  year={2008}
}

@article{gospocic2017ne,
  title={The neuropeptide corazonin controls social behavior and caste identity in ants},
  author={Gospocic, Janko and Shields, Emily J and Glastad, Karl M and Lin, Yanping and Penick, Clint A and Yan, Hua and Mikheyev, Alexander S and Linksvayer, Timothy A and Garcia, Benjamin A and Berger, Shelley L and Liebig, Jurgen and Reinberg, Danny and Bonasio, Roberto},
  journal={Cell},
  volume={170},
  pages={748--759},
  year={2017}
}

@article{doorn1989fa,
  title={{Factors influencing dominance behaviour in queenless bumblebee workers (\textit{Bombus terrestris})}},
  author={Van Doorn, Adriaan},
  journal={Physiological Entomology},
  volume={14},
  pages={211--221},
  year={1989}
}

@article{kijimoto2012div,
  title={{Diversification of \textit{doublesex} function underlies morph-, sex-, and species-specific development of beetle horns}},
  author={Kijimoto, Teiya and Moczek, Armin P and Andrews, Justen},
  journal={Proceedings of the National Academy of Sciences},
  volume={109},
  pages={20526--20531},
  year={2012}
}

@article{wang2014lo,
  title={The locust genome provides insight into swarm formation and long-distance flight},
  author={Wang, Xianhui and Fang, Xiaodong and Yang, Pengcheng and Jiang, Xuanting and Jiang, Feng and Zhao, Dejian and Li, Bolei and Cui, Feng and Wei, Jianing and Ma, Chuan and others},
  journal={Nature Communications},
  volume={5},
  pages={2957},
  year={2014}
}

@article{zhuo2017tra,
  title={{\textit{Tra-2} mediates crosstalk between sex determination and wing polyphenism in female \textit{Nilaparvata lugens}}},
  author={Zhuo, Ji-Chong and Chen, Lei and Shi, Ji-Kai and Xu, Nan and Xue, Wen-Hua and Zhang, Meng-Qiu and Ren, Ze-Wei and Zhang, Hou-Hong and Zhang, Chuan-Xi},
  journal={Genetics},
  volume={207},
  pages={1067-1078},
  year={2017}
}

@article{johnson2010de,
  title={Deconstructing the superorganism: social physiology, groundplans, and sociogenomics},
  author={Johnson, Brian R and Linksvayer, Timothy A},
  journal={Quarterly Review of Biology},
  volume={85},
  pages={57--79},
  year={2010}
}

@article{subramanian2005gene,
  title={Gene set enrichment analysis: a knowledge-based approach for interpreting genome-wide expression profiles},
  author={Subramanian, Aravind and Tamayo, Pablo and Mootha, Vamsi K and Mukherjee, Sayan and Ebert, Benjamin L and Gillette, Michael A and Paulovich, Amanda and Pomeroy, Scott L and Golub, Todd R and Lander, Eric S and others},
  journal={Proceedings of the National Academy of Sciences},
  volume={102},
  pages={15545--15550},
  year={2005}
}

@article{holman2014co,
  title={Conditional helping and evolutionary transitions to eusociality and cooperative breeding},
  author={Holman, Luke},
  journal={Behavioral Ecology},
  volume={25},
  pages={1173--1182},
  year={2014}
}

@article{sun2015his,
  title={Histone H1-mediated epigenetic regulation controls germline stem cell self-renewal by modulating H4K16 acetylation},
  author={Sun, Jin and Wei, Hui-Min and Xu, Jiang and Chang, Jian-Feng and Yang, Zhihao and Ren, Xingjie and Lv, Wen-Wen and Liu, Lu-Ping and Pan, Li-Xia and Wang, Xia and others},
  journal={Nature Communications},
  volume={6},
  pages={8856},
  year={2015}
}

@article{wojciechowski2018ph,
  title={Phenotypically distinct female castes in honey bees are defined by alternative chromatin states during larval development},
  author={Wojciechowski, Marek and Lowe, Robert and Maleszka, Joanna and Conn, Danyal and Maleszka, Ryszard and Hurd, Paul J},
  journal={Genome Research},
  year={2018}
}